@article{DOWLING2022102097,
title = {Is non-fungible token pricing driven by cryptocurrencies?},
journal = {Finance Research Letters},
volume = {44},
pages = {102097},
year = {2022},
issn = {1544-6123},
doi = {https://doi.org/10.1016/j.frl.2021.102097},
url = {https://www.sciencedirect.com/science/article/pii/S1544612321001781},
author = {Michael Dowling},
keywords = {NFT, Non-fungible tokens, Co-movement, Cryptocurrency, Spillover}
}

@INPROCEEDINGS{9803425,
  author={Posavec, A. Budin and Aleksić-Maslać, K. and Tominac, M.},
  booktitle={2022 45th Jubilee International Convention on Information, Communication and Electronic Technology (MIPRO)}, 
  title={Non-Fungible Tokens: Might Learning About Them Be Necessary?}, 
  year={2022},
  volume={},
  number={},
  pages={700-705},
  doi={10.23919/MIPRO55190.2022.9803425}}

@article{UMAR2021121025,
title = {The impact of COVID-19-related media coverage on the return and volatility connectedness of cryptocurrencies and fiat currencies},
journal = {Technological Forecasting and Social Change},
volume = {172},
pages = {121025},
year = {2021},
issn = {0040-1625},
doi = {https://doi.org/10.1016/j.techfore.2021.121025},
url = {https://www.sciencedirect.com/science/article/pii/S0040162521004571},
author = {Zaghum Umar and Francisco Jareño and María de la O González},
keywords = {Cryptocurrencies, Fiat currencies, Coronavirus media coverage index (MCI), Connectedness, COVID-19 pandemic crisis}
}

@misc{Investopedia,   
    title = {Non-Fungible Token (NFT): What It Means and How It Works},   
    url = {https://www.investopedia.com/non-fungible-tokens-nft-5115211},   
    author = {Rakesh Sharma},   
    year = {2023},   
    note = {Accessed on May 24, 2023} 
}

@article{10.1145/3474355,
author = {Kugler, Logan},
title = {Non-Fungible Tokens and the Future of Art},
year = {2021},
issue_date = {September 2021},
publisher = {Association for Computing Machinery},
address = {New York, NY, USA},
volume = {64},
number = {9},
issn = {0001-0782},
url = {https://doi.org/10.1145/3474355},
doi = {10.1145/3474355},
abstract = {A new blockchain-based technology is changing how the art world works, and changing how we think about asset ownership in the process.},
journal = {Commun. ACM},
month = {aug},
pages = {19–20},
numpages = {2}
}

@ARTICLE{9409120,
  author={Peng, Kai and Li, Meijun and Huang, Haojun and Wang, Chen and Wan, Shaohua and Choo, Kim-Kwang Raymond},
  journal={IEEE Internet of Things Journal}, 
  title={Security Challenges and Opportunities for Smart Contracts in Internet of Things: A Survey}, 
  year={2021},
  volume={8},
  number={15},
  pages={12004-12020},
  doi={10.1109/JIOT.2021.3074544}}

@misc{Chainalysis,
    title = {Crypto Crime Trends for 2022: Illicit Transaction Activity Reaches All-Time High in Value, All-time Low in Share of All Cryptocurrency Activity},
    year = {2022},
    month ={February},
    author ={{Chainalysis}}
}

@misc{vonwachter2022nft,
      title={NFT Wash Trading: Quantifying suspicious behaviour in NFT markets}, 
      author={Victor von Wachter and Johannes Rude Jensen and Ferdinand Regner and Omri Ross},
      year={2022},
      eprint={2202.03866},
      archivePrefix={arXiv},
      primaryClass={cs.CR}
}

@report{treasurydepartment,
  title = {Study of the Facilitation of Money Laundering and Terror Finance Through the Trade in Works of Art},
  author= {US Department of the Treasury},
  year = {2022},
  month = {February},
  institution={US Department of the Treasury},
  location={Washington, USA}
}

@article{roy2023demystifying,
  title={Demystifying NFT Promotion and Phishing Scams},
  author={Roy, Sayak Saha and Das, Dipanjan and Bose, Priyanka and Kruegel, Christopher and Vigna, Giovanni and Nilizadeh, Shirin},
  journal={arXiv preprint arXiv:2301.09806},
  year={2023}
}

@article{wang2021non,
  title={Non-fungible token (NFT): Overview, evaluation, opportunities and challenges},
  author={Wang, Qin and Li, Rujia and Wang, Qi and Chen, Shiping},
  journal={arXiv preprint arXiv:2105.07447},
  year={2021}
}

@inproceedings{victor2021detecting,
  title={Detecting and quantifying wash trading on decentralized cryptocurrency exchanges},
  author={Victor, Friedhelm and Weintraud, Andrea Marie},
  booktitle={Proceedings of the Web Conference 2021},
  pages={23--32},
  year={2021}
}

@article{Rafli_2022, 
title={NFT Become a Copyright Solution}, 
volume={1}, 
url={https://www.ejournal.catuspata.com/index.php/jdlp/article/view/166}, 
DOI={10.58982/jdlp.v1i2.166}, 
number={2}, 
journal={Journal of Digital Law and Policy}, 
author={Rafli, Dw Putu Alit Denbagus}, 
year={2022}, 
month={January}, 
pages={87-96} 
}

@article{barakat2022use,
  title={The Use of NFT for Patent Protection},
  author={Barakat, Samer and Yaghi, Khalil and Al-Zagheer, Hanady},
  journal={Advances in Dynamical Systems and Applications},
  volume={17},
  number={1},
  pages={107--113},
  year={2022}
}

@article{nakamoto2008bitcoin,
  title={Bitcoin: A peer-to-peer electronic cash system},
  author={Nakamoto, Satoshi},
  journal={Decentralized business review},
  pages={21260},
  year={2008}
}

@article{modanimethodological,
  title={A METHODOLOGICAL REVIEW ON APPLICATIONS OF BLOCKCHAIN TECHNOLOGY AND ITS LIMITATIONS},
  author={Modani, Mahak and Patidar, Satyam and Verma, Sushma},
  journal={Information Management and Computer Science},
  year={2021}
}

@article{ante2022non,
  title={The non-fungible token (NFT) market and its relationship with Bitcoin and Ethereum},
  author={Ante, Lennart},
  journal={FinTech},
  volume={1},
  number={3},
  pages={216--224},
  year={2022},
  publisher={MDPI}
}

@article{ali2021introduction,
  title={Introduction to NFTs: the future of digital collectibles},
  author={Ali, Muddasar and Bagui, Sikha},
  journal={International Journal of Advanced Computer Science and Applications},
  volume={12},
  number={10},
  pages={50--56},
  year={2021},
  publisher={Science and Information (SAI) Organization Limited}
}

@INPROCEEDINGS{9869497,
  author={Piyadigama, Dinuka and Poravi, Guhanathan},
  booktitle={2022 15th International Conference on Human System Interaction (HSI)}, 
  title={An Analysis of the Features Considerable for NFT Recommendations}, 
  year={2022},
  volume={},
  number={},
  pages={1-7},
  doi={10.1109/HSI55341.2022.9869497}}

@article{mekacher2022heterogeneous,
  title={Heterogeneous rarity patterns drive price dynamics in NFT collections},
  author={Mekacher, Amin and Bracci, Alberto and Nadini, Matthieu and Martino, Mauro and Alessandretti, Laura and Aiello, Luca Maria and Baronchelli, Andrea},
  journal={Scientific reports},
  volume={12},
  number={1},
  pages={1--9},
  year={2022},
  publisher={Springer}
}

@ARTICLE{9755212,
  author={Kshetri, Nir},
  journal={Computer}, 
  title={Scams, Frauds, and Crimes in the Nonfungible Token Market}, 
  year={2022},
  volume={55},
  number={4},
  pages={60-64},
  doi={10.1109/MC.2022.3144763}}

@incollection{scharfman2023non,
  title={Non-Fungible Token (NFT) Fraud},
  author={Scharfman, Jason},
  booktitle={The Cryptocurrency and Digital Asset Fraud Casebook},
  pages={69--80},
  year={2023},
  publisher={Springer}
}

@article{kafteranis2022art,
  title={Art of Money Laundering with Non-Fungible Tokens: A myth or reality?},
  author={Kafteranis, Dimitrios and Turksen, Umut},
  journal={European Law Enforcement Research Bulletin},
  number={22},
  year={2022}
}

@article{lee2021all,
  title={All one needs to know about metaverse: A complete survey on technological singularity, virtual ecosystem, and research agenda},
  author={Lee, Lik-Hang and Braud, Tristan and Zhou, Pengyuan and Wang, Lin and Xu, Dianlei and Lin, Zijun and Kumar, Abhishek and Bermejo, Carlos and Hui, Pan},
  journal={arXiv preprint arXiv:2110.05352},
  year={2021}
}

@article{abid2021uses,
  title={Uses of blockchain technologies in library services},
  author={Abid, Hussain},
  journal={Library Hi Tech News},
  volume={38},
  number={8},
  pages={9--11},
  year={2021},
  publisher={Emerald Publishing Limited}
}

@article{rahardja2021immutability,
  title={Immutability of Distributed Hash Model on Blockchain Node Storage},
  author={Rahardja, Untung and Hidayanto, Achmad Nizar and Lutfiani, Ninda and Febiani, Dyah Ayu and Aini, Qurotul},
  journal={Sci. J. Informatics},
  volume={8},
  number={1},
  pages={137--143},
  year={2021}
}

@article{aydar2019private,
  title={Private key encryption and recovery in blockchain},
  author={Aydar, Mehmet and Cetin, Salih Cemil and Ayvaz, Serkan and Aygun, Betul},
  journal={arXiv preprint arXiv:1907.04156},
  year={2019}
}

@inproceedings{xiao2020modeling,
  title={Modeling the impact of network connectivity on consensus security of proof-of-work blockchain},
  author={Xiao, Yang and Zhang, Ning and Lou, Wenjing and Hou, Y Thomas},
  booktitle={IEEE INFOCOM 2020-IEEE Conference on Computer Communications},
  pages={1648--1657},
  year={2020},
  organization={IEEE}
}

@article{szabo1996smart,
  title={Smart contracts: building blocks for digital markets},
  author={Szabo, Nick},
  journal={EXTROPY: The Journal of Transhumanist Thought,(16)},
  volume={18},
  number={2},
  pages={28},
  year={1996}
}

@article{chen2019secure,
  title={Secure electricity trading and incentive contract model for electric vehicle based on energy blockchain},
  author={Chen, Xiaofeng and Zhang, Xiaohong},
  journal={IEEE access},
  volume={7},
  pages={178763--178778},
  year={2019},
  publisher={IEEE}
}

@inproceedings{mishra2020implementation,
  title={Implementation and analysis of blockchain based dapp for secure sharing of students' credentials},
  author={Mishra, Raaj Anand and Kalla, Anshuman and Singh, Nimer Amol and Liyanage, Madhusanka},
  booktitle={2020 IEEE 17th annual consumer communications \& networking conference (CCNC)},
  pages={1--2},
  year={2020},
  organization={IEEE}
}

@inproceedings{cabot2022improving,
  title={Improving the Token ERC-721 Implementation for Selective Receipt: Rejectable NFTs},
  author={Cabot-Nadal, Miquel {\`A} and Payeras-Capell{\`a}, M Magdalena and Mut-Puigserver, Maci{\`a} and Soto-Fern{\'a}ndez, Alberto},
  booktitle={2022 6th International Conference on System Reliability and Safety (ICSRS)},
  pages={243--250},
  year={2022},
  organization={IEEE}
}

@article{chen2022toward,
  title={Toward Achieving Anonymous NFT Trading},
  author={Chen, Zhanwen and Omote, Kazumasa},
  journal={IEEE Access},
  volume={10},
  pages={130166--130176},
  year={2022},
  publisher={IEEE}
}

@article{lambert2021beyond,
  title={Beyond nfts: A possible future for digital art},
  author={Lambert, Nick},
  journal={Itnow},
  volume={63},
  number={3},
  pages={8--10},
  year={2021},
  publisher={Oxford University Press}
}

@article{valeonti2021crypto,
  title={Crypto collectibles, museum funding and OpenGLAM: challenges, opportunities and the potential of Non-Fungible Tokens (NFTs)},
  author={Valeonti, Foteini and Bikakis, Antonis and Terras, Melissa and Speed, Chris and Hudson-Smith, Andrew and Chalkias, Konstantinos},
  journal={Applied Sciences},
  volume={11},
  number={21},
  pages={9931},
  year={2021},
  publisher={Multidisciplinary Digital Publishing Institute}
}

@misc{TechCrunch,   
    title = {YouTuber Logan Paul’s CryptoZoo NFT project is a total mess},   
    url = {https://techcrunch.com/2023/01/06/youtuber-logan-pauls-cryptozoo-nft-project-is-a-total-mess/},   
    author = {Amanda Silberling},   
    year = {2023},   
    month ={January},
    note = {Accessed on June 10, 2023} 
}

@article{lanier2023ninth,
  title={The Ninth Circuit’s Split Personality How NFTs Highlight A Concerning Split in the Court’s Application of Trademark Law to Web 3.0},
  author={Lanier, Jackson},
  journal={Available at SSRN 4411021},
  year={2023}
}

@inproceedings{das2022understanding,
  title={Understanding security issues in the NFT ecosystem},
  author={Das, Dipanjan and Bose, Priyanka and Ruaro, Nicola and Kruegel, Christopher and Vigna, Giovanni},
  booktitle={Proceedings of the 2022 ACM SIGSAC Conference on Computer and Communications Security},
  pages={667--681},
  year={2022}
}

@article{rauman2021budding,
  title={The Budding Disruption of Blockchain Technology Upon the Current Structure of the Music Industry},
  author={Rauman, Bradley},
  year={2021}
}

@article{kim2023drainclog,
  title={DRAINCLoG: Detecting Rogue Accounts with Illegally-obtained NFTs using Classifiers Learned on Graphs},
  author={Kim, Hanna and Cui, Jian and Jang, Eugene and Lee, Chanhee and Lee, Yongjae and Chung, Jin-Woo and Shin, Seungwon},
  journal={arXiv preprint arXiv:2301.13577},
  year={2023}
}